<record><leader>00000cas a2200000 a 4500</leader><controlfield tag="001">17360246</controlfield><controlfield tag="008">880119d19831983wauwr ne      0    0eng d</controlfield><datafield ind1=" " ind2=" " tag="010"><subfield code="a">sn 88085250 </subfield></datafield><datafield ind1=" " ind2=" " tag="040"><subfield code="a">SLZ</subfield><subfield code="b">eng</subfield><subfield code="c">SLZ</subfield><subfield code="d">OCL</subfield><subfield code="d">OCLCQ</subfield><subfield code="d">OCLCF</subfield><subfield code="d">OCLCO</subfield></datafield><datafield ind1="1" ind2=" " tag="029"><subfield code="a">AU@</subfield><subfield code="b">000020495381</subfield></datafield><datafield ind1=" " ind2=" " tag="042"><subfield code="a">msc</subfield></datafield><datafield ind1=" " ind2=" " tag="043"><subfield code="a">n-us-wa</subfield></datafield><datafield ind1="0" ind2=" " tag="130"><subfield code="a">Argus/tribune (Deer Park, Wash.)</subfield></datafield><datafield ind1="1" ind2="4" tag="245"><subfield code="a">The Argus/tribune.</subfield></datafield><datafield ind1=" " ind2=" " tag="260"><subfield code="a">Deer Park, WA :</subfield><subfield code="b">North Spokane Argus/Tri-County Tribune</subfield></datafield><datafield ind1=" " ind2=" " tag="300"><subfield code="a">v.</subfield></datafield><datafield ind1=" " ind2=" " tag="310"><subfield code="a">Weekly</subfield></datafield><datafield ind1="0" ind2=" " tag="362"><subfield code="a">Vol. 77, no. 27 (Apr. 6, 1983)-v.77, no. 48 (Aug. 31, 1983).</subfield></datafield><datafield ind1=" " ind2=" " tag="500"><subfield code="a">At head of title Apr. 6, 1983-July 6, 1983: North Spokane, tri-county; July 13, 1983-Aug. 31, 1983: Tri-county edition.</subfield></datafield><datafield ind1=" " ind2="0" tag="651"><subfield code="a">Deer Park (Wash.)</subfield><subfield code="v">Newspapers.</subfield></datafield><datafield ind1=" " ind2="7" tag="655"><subfield code="a">Newspapers.</subfield><subfield code="2">fast</subfield><subfield code="0">(OCoLC)fst01423814</subfield></datafield><datafield ind1=" " ind2="7" tag="651"><subfield code="a">Washington (State)</subfield><subfield code="z">Deer Park.</subfield><subfield code="2">fast</subfield><subfield code="0">(OCoLC)fst01251835</subfield></datafield><datafield ind1=" " ind2=" " tag="752"><subfield code="a">United States</subfield><subfield code="b">Washington</subfield><subfield code="c">Spokane</subfield><subfield code="d">Deer Park.</subfield></datafield><datafield ind1=" " ind2=" " tag="752"><subfield code="a">United States</subfield><subfield code="b">Washington</subfield><subfield code="c">Spokane</subfield><subfield code="d">Spokane.</subfield></datafield><datafield ind1="0" ind2="0" tag="780"><subfield code="t">Tri-County tribune (Deer Park, Wash. : 1953)</subfield><subfield code="w">(DLC)sn 88085626</subfield></datafield><datafield ind1="0" ind2="0" tag="785"><subfield code="t">Tribune (Deer Park, Wash.)</subfield><subfield code="w">(DLC)sn 88085251</subfield></datafield></record>